<collection xmlns="http://www.loc.gov/MARC21/slim">
<record>
  <leader>03424nam0a22005771i 450 </leader>
  <controlfield tag="001">IT\ICCU\CNCE\027011</controlfield>
  <controlfield tag="005">20190213000000.0</controlfield>
  <datafield tag="012" ind1=" " ind2=" ">
    <subfield code="a">n-ua 2928 l-e- stal (3) 1551 (R)</subfield>
    <subfield code="2">fei</subfield>
  </datafield>
  <datafield tag="100" ind1=" " ind2=" ">
    <subfield code="a">19971023d1551        0itac0103    ba</subfield>
  </datafield>
  <datafield tag="101" ind1=" " ind2=" ">
    <subfield code="a">ITA</subfield>
  </datafield>
  <datafield tag="102" ind1=" " ind2=" ">
    <subfield code="a">IT</subfield>
  </datafield>
  <datafield tag="200" ind1="1" ind2=" ">
    <subfield code="a">℗Il ℗duello del Mutio iustinopolitano. Di nuouo corretto, et ristampato</subfield>
  </datafield>
  <datafield tag="210" ind1=" " ind2=" ">
    <subfield code="a">In Vinegia</subfield>
    <subfield code="c">appresso Gabriel Giolito de Ferrari e fratelli</subfield>
    <subfield code="d">1551</subfield>
    <subfield code="e">\Venezia</subfield>
    <subfield code="g">Gabriele Giolito De Ferrari &amp; fratelli!</subfield>
  </datafield>
  <datafield tag="215" ind1=" " ind2=" ">
    <subfield code="a">104 c.</subfield>
    <subfield code="d">8ʻ</subfield>
  </datafield>
  <datafield tag="620" ind1=" " ind2=" ">
    <subfield code="a">IT</subfield>
    <subfield code="d">Venezia</subfield>
  </datafield>
  <datafield tag="700" ind1=" " ind2="1">
    <subfield code="a">Muzio,</subfield>
    <subfield code="b">Girolamo</subfield>
    <subfield code="3">IT\ICCU\CNCA\007026</subfield>
  </datafield>
  <datafield tag="712" ind1="0" ind2="0">
    <subfield code="a">Giolito De Ferrari, Gabriele &amp; fratelli</subfield>
    <subfield code="3">IT\ICCU\CNCT\000189</subfield>
    <subfield code="4">650</subfield>
  </datafield>
  <datafield tag="790" ind1=" " ind2="1">
    <subfield code="a">Mutius,</subfield>
    <subfield code="b">Hieronymus</subfield>
    <subfield code="3">IT\ICCU\CNCA\021233</subfield>
    <subfield code="z">Muzio, Girolamo</subfield>
  </datafield>
  <datafield tag="790" ind1=" " ind2="0">
    <subfield code="a">Mutius</subfield>
    <subfield code="c"> : Iustinopolitanus</subfield>
    <subfield code="3">IT\ICCU\CNCA\022652</subfield>
    <subfield code="z">Muzio, Girolamo</subfield>
  </datafield>
  <datafield tag="801" ind1=" " ind2="3">
    <subfield code="a">IT</subfield>
    <subfield code="b">ICCU</subfield>
    <subfield code="c">20201114</subfield>
  </datafield>
  <datafield tag="899" ind1=" " ind2=" ">
    <subfield code="a">Biblioteca estera - Biblioteca Nacional de Espaą. Madrid</subfield>
    <subfield code="1">AA0001</subfield>
  </datafield>
  <datafield tag="899" ind1=" " ind2=" ">
    <subfield code="a">Biblioteca civica A. Mai. Bergamo</subfield>
    <subfield code="1">BG0026</subfield>
    <subfield code="2">LO1 02</subfield>
  </datafield>
  <datafield tag="899" ind1=" " ind2=" ">
    <subfield code="a">Biblioteca civica Queriniana. Brescia</subfield>
    <subfield code="1">BS0026</subfield>
    <subfield code="2">ZBS 01</subfield>
  </datafield>
  <datafield tag="899" ind1=" " ind2=" ">
    <subfield code="a">Biblioteca civica di Mondov. Mondov</subfield>
    <subfield code="1">CN0065</subfield>
    <subfield code="2">TO0 55</subfield>
  </datafield>
  <datafield tag="899" ind1=" " ind2=" ">
    <subfield code="a">Biblioteca Apostolica Vaticana. Citt ̉del Vaticano</subfield>
    <subfield code="1">EX0001</subfield>
    <subfield code="2">ZCV 01</subfield>
  </datafield>
  <datafield tag="899" ind1=" " ind2=" ">
    <subfield code="a">Biblioteca nazionale centrale. Firenze</subfield>
    <subfield code="1">FI0098</subfield>
    <subfield code="2">CFI CF</subfield>
  </datafield>
  <datafield tag="899" ind1=" " ind2=" ">
    <subfield code="a">Biblioteca comunale Teresiana. Mantova</subfield>
    <subfield code="z">MUTILO</subfield>
    <subfield code="1">MN0035</subfield>
    <subfield code="2">LO1 12</subfield>
  </datafield>
  <datafield tag="899" ind1=" " ind2=" ">
    <subfield code="a">Biblioteca Estense Universitaria. Modena</subfield>
    <subfield code="1">MO0089</subfield>
    <subfield code="2">MOD BE</subfield>
  </datafield>
  <datafield tag="899" ind1=" " ind2=" ">
    <subfield code="a">Biblioteca universitaria. Napoli</subfield>
    <subfield code="1">NA0070</subfield>
    <subfield code="2">NAP BU</subfield>
  </datafield>
  <datafield tag="899" ind1=" " ind2=" ">
    <subfield code="a">Biblioteca della Fondazione Ranieri di Sorbello. Perugia</subfield>
    <subfield code="1">PG0147</subfield>
    <subfield code="2">UM1 88</subfield>
  </datafield>
  <datafield tag="899" ind1=" " ind2=" ">
    <subfield code="a">Biblioteca Guarnacci. Volterra</subfield>
    <subfield code="1">PI0176</subfield>
    <subfield code="2">RT1 QV</subfield>
  </datafield>
  <datafield tag="899" ind1=" " ind2=" ">
    <subfield code="a">Istituto culturale e di documentazione Lazzerini. Prato</subfield>
    <subfield code="1">PO0002</subfield>
    <subfield code="2">RT1 DA</subfield>
  </datafield>
  <datafield tag="899" ind1=" " ind2=" ">
    <subfield code="a">Biblioteca Palatina. Parma</subfield>
    <subfield code="1">PR0072</subfield>
    <subfield code="2">PAR PA</subfield>
  </datafield>
  <datafield tag="899" ind1=" " ind2=" ">
    <subfield code="a">Biblioteca Oliveriana. Pesaro</subfield>
    <subfield code="1">PU0061</subfield>
    <subfield code="2">URB OL</subfield>
  </datafield>
  <datafield tag="899" ind1=" " ind2=" ">
    <subfield code="a">Biblioteca universitaria. Pavia</subfield>
    <subfield code="1">PV0291</subfield>
    <subfield code="2">MIL UP</subfield>
  </datafield>
  <datafield tag="899" ind1=" " ind2=" ">
    <subfield code="a">Biblioteca nazionale centrale. Roma</subfield>
    <subfield code="1">RM0267</subfield>
    <subfield code="2">BVE CR</subfield>
  </datafield>
  <datafield tag="899" ind1=" " ind2=" ">
    <subfield code="a">Biblioteca sportiva nazionale. Roma</subfield>
    <subfield code="1">RM0278</subfield>
    <subfield code="2">RMR BS</subfield>
  </datafield>
  <datafield tag="899" ind1=" " ind2=" ">
    <subfield code="a">Collezione privata Tiezzi Mazzoni Della Stella Maestri. Torrita di Siena</subfield>
    <subfield code="1">SI0161</subfield>
    <subfield code="2">ZSI 14</subfield>
  </datafield>
  <datafield tag="899" ind1=" " ind2=" ">
    <subfield code="a">Fondazione Biblioteca S. Bernardino. Trento</subfield>
    <subfield code="1">TN0122</subfield>
    <subfield code="2">ZTN 18</subfield>
  </datafield>
  <datafield tag="899" ind1=" " ind2=" ">
    <subfield code="a">Biblioteca Fondazione Bruno Kessler. Trento</subfield>
    <subfield code="1">TN0157</subfield>
    <subfield code="2">ZTN21</subfield>
  </datafield>
  <datafield tag="899" ind1=" " ind2=" ">
    <subfield code="a">Biblioteca civica A. Hortis. Trieste</subfield>
    <subfield code="1">TS0013</subfield>
    <subfield code="2">TSA BC</subfield>
  </datafield>
  <datafield tag="899" ind1=" " ind2=" ">
    <subfield code="a">British Library. London</subfield>
    <subfield code="1">UK0001</subfield>
  </datafield>
  <datafield tag="899" ind1=" " ind2=" ">
    <subfield code="a">Biblioteca del Seminario arcivescovile di Milano. Venegono Inferiore</subfield>
    <subfield code="1">VA0122</subfield>
    <subfield code="2">ZVA 04</subfield>
  </datafield>
  <datafield tag="899" ind1=" " ind2=" ">
    <subfield code="a">Biblioteca civica. Vercelli</subfield>
    <subfield code="1">VC0073</subfield>
    <subfield code="2">TO0 A2</subfield>
  </datafield>
  <datafield tag="899" ind1=" " ind2=" ">
    <subfield code="a">Biblioteca S. Francesco della Vigna. Venezia</subfield>
    <subfield code="1">VE0031</subfield>
    <subfield code="2">VIA SF</subfield>
  </datafield>
  <datafield tag="899" ind1=" " ind2=" ">
    <subfield code="a">Biblioteca nazionale Marciana. Venezia</subfield>
    <subfield code="1">VE0049</subfield>
    <subfield code="2">VEA BM</subfield>
  </datafield>
  <datafield tag="899" ind1=" " ind2=" ">
    <subfield code="a">Fondo storico di ateneo dell&apos;Universit ̉Ca&apos; Foscari Venezia. Venezia</subfield>
    <subfield code="1">VE0172</subfield>
    <subfield code="2">VEA FS</subfield>
  </datafield>
  <datafield tag="911" ind1=" " ind2=" ">
    <subfield code="a">Sul front.</subfield>
    <subfield code="9">IT\ICCU\CNCM\000026</subfield>
  </datafield>
  <datafield tag="911" ind1=" " ind2=" ">
    <subfield code="a">In fine</subfield>
    <subfield code="9">IT\ICCU\CNCM\002054</subfield>
  </datafield>
  <datafield tag="921" ind1=" " ind2=" ">
    <subfield code="a">IT\ICCU\CNCM\000026</subfield>
    <subfield code="b">Fenice su fiamme che si sprigionano da anfora recante le iniziali G.G.F. L&apos;anfora  ̈sorretta da due satiri alati.</subfield>
    <subfield code="e">De la mia morte eterna vita i vivo. - Semper eadem.</subfield>
    <subfield code="c">Z535</subfield>
    <subfield code="d">Dimensioni: 4 x 5</subfield>
    <subfield code="f">DELAMIAMOR</subfield>
    <subfield code="f">FENICE</subfield>
    <subfield code="f">FIAMME</subfield>
    <subfield code="f">GGF</subfield>
    <subfield code="f">SEMPEREADE</subfield>
    <subfield code="g">1546-1578</subfield>
  </datafield>
  <datafield tag="921" ind1=" " ind2=" ">
    <subfield code="a">IT\ICCU\CNCM\002054</subfield>
    <subfield code="b">Fenice, rivolta al sole, su fiamme che si sprigionano da globo alato recante  le iniziali G.G.F.</subfield>
    <subfield code="e">Semper eadem</subfield>
    <subfield code="c">A123</subfield>
    <subfield code="d">Dimensioni: 6 x 7,8</subfield>
    <subfield code="f">FENICE</subfield>
    <subfield code="f">GLOBO</subfield>
    <subfield code="f">GGF</subfield>
    <subfield code="g">1542-1584</subfield>
  </datafield>
</record>
</collection>
